@book{kahneman:2011,
	Author = {Kahneman, Daniel and Egan, Patrick},
	Date-Added = {2018-11-13 11:22:01 +0000},
	Date-Modified = {2018-11-13 11:22:28 +0000},
	Publisher = {Farrar, Straus and Giroux New York},
	Title = {Thinking, fast and slow},
	Volume = {1},
	Year = {2011}}
